@book{aristotle:physics, 
 author = {Aristotle}, 
 title = {Physics}, 
 year = {1929}, 
 publisher = {G. P. Putnam}, 
 }

@online{WK,
  title = {Am sp채ten Nachmittag ist es w채rmer als am Mittag},
  year = 2016,
  url = {https://wetterkanal.kachelmannwetter.com/am-spaeten-nachmittag-ist-es-waermer-als-am-mittag/},
  urldate = {27.06 2021}
}

@misc{WK2,
 title = {Am sp채ten Nachmittag ist es w채rmer als am Mittag},
 url = {https://wetterkanal.kachelmannwetter.com/am-spaeten-nachmittag-ist-es-waermer-als-am-mittag/},
 lastchecked = {27.06 2021},
 originalyear = {18.07.2016}
}